
@article{lin2021,
	title = {Make China great again: The blood-based view of Chineseness in Hong Kong},
	author = {Lin, Cong and Jackson, Liz},
	year = {2021},
	date = {2021},
	journal = {Educational Philosophy and Theory},
	pages = {907{\textendash}919},
	volume = {53},
	number = {9},
	note = {Publisher: Taylor & Francis}
}

@article{lin2021,
	title = {Make China great again: The blood-based view of Chineseness in Hong Kong},
	author = {Lin, Cong and Jackson, Liz},
	year = {2021},
	date = {2021},
	journal = {Educational Philosophy and Theory},
	pages = {907{\textendash}919},
	volume = {53},
	number = {9},
	note = {Publisher: Taylor & Francis}
}
